@inproceedings{1,
      author = {Murphy-Hill, Emerson and Murphy, Gail C.},
      title = {Peer Interaction Effectively, Yet Infrequently, Enables Programmers to Discover New Tools},
      booktitle = {Proceedings of CSCW},
      year = {2011},
      pages = {405-414},
}

@inproceedings{2,
      author = {Murphy, Gail C. and Murphy-Hill, Emerson},
      title = {What is Trust in a Recommender for Software Development?},
      booktitle = {Proc. 2nd Int. Workshop on RSSE},
      year = {2010},
      pages = {57-58},
}

@article{3,
     year={2008},
     journal={Autonomous Agents and Multi-Agent Systems},
     volume={16},
     number={1},
     title={A model of a trust-based recommendation system on a social network},
     author={Walter, FrankEdward and Battiston, Stefano and Schweitzer, Frank},
     pages={57-74},
}

@inproceedings{4,
      author = {O'Donovan, John and Smyth, Barry},
      title = {Trust in Recommender Systems},
      booktitle = {Proc. 10th Int. Conf. on IUI},
      year = {2005},
      pages = {167-174},
} 

@ARTICLE{5, 
     author={Robillard, M.P. and Walker, R.J. and Zimmermann, T.}, 
     journal={Software, IEEE}, 
     title={Recommendation Systems for Software Engineering}, 
     year={2010},  
     volume={27}, 
     number={4}, 
     pages={80-86},
}

@article{6,
     title = {Trust and Suspicion},
     author = {Morton Deutsch},
     journal = {The Journal of Conflict Resolution},
     volume = {2},
     number = {4},
     pages = {265-279},
     year = {1958},
}

@article{7,
     title = "Investigating interactions of trust and interest similarity ",
     journal = "Decision Support Systems ",
     volume = "43",
     number = "2",
     pages = "460-475",
     year = "2007",
     author = "Cai-Nicolas Ziegler and Jennifer Golbeck",
}

